@INPROCEEDINGS{ah09bProceedings,		  
author        = {A.~Heikkinen et al.},
title         = {Ideal $\tau$-tagging with TMVA multivariate data-analysis toolkit},
series        = {{\em Paper in preparation for 
                    International Conference on Computing in High Energy and Nuclear Physics (CHEP’09), 
                 21 - 27 March 2009 Prague, Czech Republic}},
note          = {\url{http://www.helsinki.fi/~miheikki/system/refs/heikkinen/},
                 {\tt ah09bProceedings.pdf,  ah09bProceedings.tar.gz}},   
}

@INPROCEEDINGS{heikkinen07lProceedings,		  
author        = {A.~Heikkinen with T.~Lampen et al.},
title         = {Testing {TMVA} software in b-tagging for the search of {MSSM} {H}iggs bosons at the {LHC}},
note          = {International Conference on Computing in High Energy and Nuclear Physics (CHEP’07), 
                 Journal of Physics: Conference Series 119 (2008) 032028, 
                 {\sf [doi:10.1088/1742-6596/119/3/032028]}
}
}